<record><leader>00000cas a22000007i 4500</leader><controlfield tag="001">862978302</controlfield><controlfield tag="006">m     o  d        </controlfield><controlfield tag="007">cr |n|000|||||</controlfield><controlfield tag="008">880105d18981914wauwr n o     0   a0eng  </controlfield><datafield ind1=" " ind2=" " tag="010"><subfield code="a">  2013271916</subfield></datafield><datafield ind1=" " ind2=" " tag="040"><subfield code="a">Nz</subfield><subfield code="b">eng</subfield><subfield code="e">rda</subfield><subfield code="c">Z5A</subfield><subfield code="d">OCLCO</subfield><subfield code="d">DLC</subfield><subfield code="d">OCLCF</subfield></datafield><datafield ind1="0" ind2=" " tag="022"><subfield code="a">2333-8423</subfield><subfield code="2">1</subfield></datafield><datafield ind1="0" ind2=" " tag="029"><subfield code="a">NZ1</subfield><subfield code="b">15127154</subfield></datafield><datafield ind1=" " ind2=" " tag="042"><subfield code="a">msc</subfield><subfield code="a">nsdp</subfield></datafield><datafield ind1=" " ind2=" " tag="043"><subfield code="a">n-us-wa</subfield></datafield><datafield ind1="1" ind2="0" tag="050"><subfield code="a">ISSN RECORD</subfield></datafield><datafield ind1=" " ind2="4" tag="050"><subfield code="a">F899.E4</subfield><subfield code="b">D39</subfield></datafield><datafield ind1="0" ind2="0" tag="082"><subfield code="a">071</subfield><subfield code="2">23</subfield></datafield><datafield ind1="0" ind2=" " tag="130"><subfield code="a">Ellensburg dawn (Online)</subfield></datafield><datafield ind1=" " ind2="4" tag="222"><subfield code="a">The Ellensburg dawn</subfield><subfield code="b">(Online)</subfield></datafield><datafield ind1="1" ind2="4" tag="245"><subfield code="a">The Ellensburg dawn.</subfield></datafield><datafield ind1=" " ind2="1" tag="264"><subfield code="a">Ellensburg, Wash. :</subfield><subfield code="b">[The Dawn Publishing Co.],</subfield><subfield code="c">1898-</subfield></datafield><datafield ind1=" " ind2=" " tag="300"><subfield code="a">1 online resource</subfield></datafield><datafield ind1=" " ind2=" " tag="310"><subfield code="a">Weekly,</subfield><subfield code="b">Aug. 14, 1908-</subfield></datafield><datafield ind1=" " ind2=" " tag="321"><subfield code="a">Weekly,</subfield><subfield code="b">Mar. 18, 1898-July 26, 1906</subfield></datafield><datafield ind1=" " ind2=" " tag="321"><subfield code="a">Semi-weekly,</subfield><subfield code="b">July 31, 1906-Aug. 4, 1908</subfield></datafield><datafield ind1=" " ind2=" " tag="336"><subfield code="a">text</subfield><subfield code="b">txt</subfield><subfield code="2">rdacontent</subfield></datafield><datafield ind1=" " ind2=" " tag="337"><subfield code="a">computer</subfield><subfield code="b">c</subfield><subfield code="2">rdamedia</subfield></datafield><datafield ind1=" " ind2=" " tag="338"><subfield code="a">online resource</subfield><subfield code="b">cr</subfield><subfield code="2">rdacarrier</subfield></datafield><datafield ind1="1" ind2=" " tag="362"><subfield code="a">Began with vol. 5, no. 11 (March 18, 1898). Ceased in 1914?</subfield></datafield><datafield ind1=" " ind2=" " tag="500"><subfield code="a">Robert A. Turner, editor.</subfield></datafield><datafield ind1=" " ind2=" " tag="525"><subfield code="a">Some issues accompanied by supplements.</subfield></datafield><datafield ind1=" " ind2=" " tag="538"><subfield code="a">Description based on: Vol. 5, no. 11 (March 18, 1898); title from masthead (Chroniclingamerica.loc.gov, viewed February 19, 2014).</subfield></datafield><datafield ind1=" " ind2=" " tag="588"><subfield code="a">Latest issue consulted: Vol. XX, no. 52 (Dec. 25, 1913) (Chroniclingamerica.loc.gov, viewed February 19, 2014).</subfield></datafield><datafield ind1=" " ind2="0" tag="651"><subfield code="a">Ellensburg (Wash.)</subfield><subfield code="v">Newspapers.</subfield></datafield><datafield ind1=" " ind2="7" tag="655"><subfield code="a">Newspapers.</subfield><subfield code="2">fast</subfield><subfield code="0">(OCoLC)fst01423814</subfield></datafield><datafield ind1=" " ind2="7" tag="651"><subfield code="a">Washington (State)</subfield><subfield code="z">Ellensburg.</subfield><subfield code="2">fast</subfield><subfield code="0">(OCoLC)fst01205216</subfield></datafield><datafield ind1="1" ind2=" " tag="700"><subfield code="a">Turner, Robert A.,</subfield><subfield code="d">1859-1941.</subfield></datafield><datafield ind1=" " ind2=" " tag="752"><subfield code="a">United States</subfield><subfield code="b">Washington</subfield><subfield code="c">Kittitas</subfield><subfield code="d">Ellensburg.</subfield></datafield><datafield ind1="0" ind2="8" tag="776"><subfield code="i">Originally issued in print:</subfield><subfield code="t">Ellensburg dawn</subfield><subfield code="x">2333-8415</subfield><subfield code="w">(DLC)sn 88085012</subfield><subfield code="w">(OCoLC)17308844</subfield></datafield><datafield ind1="0" ind2="0" tag="780"><subfield code="t">Dawn (Ellensburg, Wash. : 1895 : Online)</subfield></datafield><datafield ind1="0" ind2="4" tag="785"><subfield code="t">Ellensburg democrat (Online)</subfield></datafield><datafield ind1="4" ind2="0" tag="856"><subfield code="u">http://www.loc.gov/chroniclingamerica/lccn/sn88085012/issues</subfield></datafield></record>